@INPROCEEDINGS{Segovia09, 
    author={Segovia, A. and Xiaoming Li and Guang Gao}, 
    booktitle={Performance Computing and Communications Conference (IPCCC), 2009 IEEE 28th International}, title={Iterative layer-based raytracing on CUDA}, 
    year={2009}, 
    month=dec., 
    volume={}, 
    number={}, 
    pages={248 -255}, 
    keywords={NVIDIA CUDA architecture;image generation process;iterative layer-based raytracing algorithm;parallel algorithm;raytracer algorithm;recursive algorithm;recursive function calls;sequential algorithm;parallel algorithms;ray tracing;recursive estimation;}, 
    doi={10.1109/PCCC.2009.5403843}, 
    ISSN={1097-2641},
}

@article{Whitted80,
    author = {Whitted, Turner},
    title = {An improved illumination model for shaded display},
    journal = {Commun. ACM},
    volume = {23},
    issue = {6},
    month = {June},
    year = {1980},
    issn = {0001-0782},
    pages = {343--349},
    numpages = {7},
    url = {http://doi.acm.org/10.1145/358876.358882},
    doi = {http://doi.acm.org/10.1145/358876.358882},
    acmid = {358882},
    publisher = {ACM},
    address = {New York, NY, USA},
    keywords = {computer animation, computer graphics, raster displays, shading, visible surface algorithms},
}

@article{Parker10,
    author = {Parker, Steven G. and Bigler, James and Dietrich, Andreas and Friedrich, Heiko and Hoberock, Jared and Luebke, David and McAllister, David and McGuire, Morgan and Morley, Keith and Robison, Austin and Stich, Martin},
    title = {OptiX: a general purpose ray tracing engine},
    journal = {ACM Trans. Graph.},
    issue_date = {July 2010},
    volume = {29},
    issue = {4},
    month = {July},
    year = {2010},
    issn = {0730-0301},
    pages = {66:1--66:13},
    articleno = {66},
    numpages = {13},
    url = {http://doi.acm.org/10.1145/1778765.1778803},
    doi = {http://doi.acm.org/10.1145/1778765.1778803},
    acmid = {1778803},
    publisher = {ACM},
    address = {New York, NY, USA},
    keywords = {graphics hardware, graphics systems, ray tracing},
}
