
@InProceedings{bru:car:pier,
  author = 	 {Bruce, K.B. and Cardelli, L. and Pierce, B.C.},
  title = 	 {Comparing Object Encodings},
  booktitle = 	 {Theoretical Aspects of Computer Software},
  pages =	 {415-438},
  year =	 1997,
  editor =	 {Abadi, M. and Ito, T.},
  volume =	 1281,
  series =	 {Lecture Notes in Computer Science},
  address =	 {Berlin Heidelberg New York},
  publisher =	 {Springer-Verlag}
}

@Book{leeuw,
  editor =	 {{van Leeuwen}, J.},
  title = 	 {Computer Science Today. Recent Trends and Developments},
  publisher = 	 {Springer-Verlag},
  year = 	 1995,
  volume =	 1000,
  series =	 {Lecture Notes in Computer Science},
  address =	 {Berlin Heidelberg New York}
}

@Book{mich,
  author =	 {Michalewicz, Z.},
  title = 	 {Genetic Algorithms + Data Structures = Evolution Programs},
  publisher = 	 {Springer-Verlag},
  year = 	 1996,
  address =	 {Berlin Heidelberg New York},
  edition =	 {3rd}
}

@Article{bal:cha:gra:pae,
  author =	 {Baldonado, M. and Chang, C.--C.K. and Gravano, L. and
                  Paepcke, A.},
  title =	 {The Stanford Digital Library Metadata Architecture},
  journal =	 {Int. J. Digit. Libr.},
  year =	 1997,
  volume =	 1,
  pages =	 {108-121}
}
