
@InProceedings{bru:car:pier,
  author = 	 {Bruce, K.B. and Cardelli, L. and Pierce, B.C.},
  title = 	 {Comparing Object Encodings},
  booktitle = 	 {Theoretical Aspects of Computer Software},
  pages =	 {415-438},
  year =	 1997,
  editor =	 {Abadi, M. and Ito, T.},
  volume =	 1281,
  series =	 {Lecture Notes in Computer Science},
  address =	 {Berlin Heidelberg New York},
  publisher =	 {Springer-Verlag}
}

@Book{leeuw,
  editor =	 {{van Leeuwen}, J.},
  title = 	 {Computer Science Today. Recent Trends and Developments},
  publisher = 	 {Springer-Verlag},
  year = 	 1995,
  volume =	 1000,
  series =	 {Lecture Notes in Computer Science},
  address =	 {Berlin Heidelberg New York}
}

@Book{mich,
  author =	 {Michalewicz, Z.},
  title = 	 {Genetic Algorithms + Data Structures = Evolution Programs},
  publisher = 	 {Springer-Verlag},
  year = 	 1996,
  address =	 {Berlin Heidelberg New York},
  edition =	 {3rd}
}

@Article{bal:cha:gra:pae,
  author =	 {Baldonado, M. and Chang, C.--C.K. and Gravano, L. and
                  Paepcke, A.},
  title =	 {The Stanford Digital Library Metadata Architecture},
  journal =	 {Int. J. Digit. Libr.},
  year =	 1997,
  volume =	 1,
  pages =	 {108-121}
}
@BOOK{aga,
	author = {Philip Dutre, Kavita Bala, Philippe Bekaert},
	title = {Advanced Global Illumination},
	publisher = {A K Peters},
	year = 2006
}

@BOOK{pbrt,
	author = {Matt Pharr, Greg Humphreys},
	title = {Physically Based Rendering: From Theory to Implementation},
	edition = {2},
	publisher = {Morgan Kaufmann},
	year = 2010
}

@inproceedings{Jensen:1998,
 author = {Jensen, Henrik Wann and Christensen, Per H.},
 title = {Efficient simulation of light transport in scences with participating media using photon maps},
 booktitle = {Proceedings of the 25th annual conference on Computer graphics and interactive techniques},
 series = {SIGGRAPH '98},
 year = {1998},
 pages = {311-320},
 publisher = {ACM},
}

@InProceedings{christensen:siggraph,
	title = {Point-Based Global Illumination for Movie Production},
	author = {Christensen, Per H.},
    year = {2010},
    series = {SIGGRAPH '10}
}

@ARTICLE{guthe,
    author = {Guthe, S and Strasser, W},
    title = {Advanced techniques for hhigh-quality multi-resolution volume rendering},
    year = {2004},
    publisher = {Computer & Graphics},
    volume = {28},
    pages = {51-58}
}

@ARTICLE{signotes:2010,
    author = {Wrenninge, Magnus and Bin Zafar, Nafees},
	title = {Volumetric Methods in Visual Effects},
	year = 2010,
    publisher = {SIGGRAPH}
}

@ARTICLE{cerezo,
	author = {Cerezo, Eva and Perez, Frederic and Pueyo, Xavier and Seron, Francisco J. and X. Sillion, Francois},
	title = {A Survey On Participating Media Rendering Techniques},
	year = 2005,
	publisher = {Visual Computer},
	volume = {21},
	issue = {5},
	pages = {303-328}
}

@ARTICLE{tabellion,
	author = {Tabellion, Eric and Lamorlette, Arnauld},
	title = {An Approximate Global Illumination System for Computer Generated Films},
	year = 2004,
	publisher = {ACM Transactions on Graphics},
	volume = {23},
	issue = {4},
	pages = {469-476}
}

@ARTICLE{christensen:2008,
	author = {Christensen, Per H.},
	title = {Point-Based Approximate Color Bleeding},
	year = 2008,
	publisher = {Pixar Animation Studios}
}

@ARTICLE{christensen:2004,
	author = {Christensen, Per H.},
	title = {An Irradiance Atlast for Global Illumination in Complex Production Scenes},
	year = 2004,
	publisher = {Pixar Animation Studios}
}

@ARTICLE{stupidSH,
	author = {Sloan, Peter-Pike},
	title = {Stupid Spherical Harmonics (SH) Tricks},
	year = 2008,
	publisher = {Microsoft Corporation}
}

@ARTICLE{robin:2003,
	author = {Green, Robin},
	title = {Spherical Harmonic Lighting: The Gritty Details},
	year = 2003,
	publisher = {Sony Computer Entertainment America}
}

